<?xml version="1.0" encoding="UTF-8"?><collection xmlns="http://www.loc.gov/MARC21/slim"><record><leader>00555nam--2200181-i-4500</leader><controlfield tag="001">000016909</controlfield><controlfield tag="002">20161230</controlfield><controlfield tag="005">20161230201032</controlfield><controlfield tag="008">060222s1000------------r-----000-0-eng-d</controlfield><datafield ind1=" " ind2=" " tag="040"><subfield code="a">IFIN-HH</subfield></datafield><datafield ind1=" " ind2=" " tag="080"><subfield code="a">53.02</subfield></datafield><datafield ind1="1" ind2=" " tag="100"><subfield code="a">Albeverio,S./S.A.</subfield></datafield><datafield ind1="1" ind2="0" tag="245"><subfield code="a">Trends and developments in the eighties. bielefeld encounters in mathematics and physics iv and v</subfield><subfield code="c">S. albeverio, ph. blanchard (eds.)</subfield></datafield><datafield ind1=" " ind2=" " tag="260"><subfield code="a">Singapore</subfield><subfield code="b">World Scientific</subfield><subfield code="c">1985</subfield></datafield><datafield ind1=" " ind2=" " tag="300"><subfield code="a">XII+424P</subfield></datafield><datafield ind1="1" ind2=" " tag="700"><subfield code="a">Blanchard, Ph</subfield><subfield code="e">Ed</subfield></datafield><datafield ind1=" " ind2=" " tag="852"><subfield code="a">79152</subfield><subfield code="c">53.02</subfield></datafield><datafield ind1=" " ind2=" " tag="CAT"><subfield code="a">Sys</subfield><subfield code="c">20151023</subfield><subfield code="h">125722</subfield></datafield></record></collection>